<record><leader>00000cas a22000007a 4500</leader><controlfield tag="001">20850041</controlfield><controlfield tag="008">900105d18911910mouwr ne      0    0eng d</controlfield><datafield ind1=" " ind2=" " tag="010"><subfield code="a">sn 89067511 </subfield></datafield><datafield ind1=" " ind2=" " tag="040"><subfield code="a">MQN</subfield><subfield code="b">eng</subfield><subfield code="c">MQN</subfield><subfield code="d">OCLCQ</subfield><subfield code="d">OCLCF</subfield><subfield code="d">OCLCO</subfield></datafield><datafield ind1="1" ind2=" " tag="029"><subfield code="a">AU@</subfield><subfield code="b">000020583799</subfield></datafield><datafield ind1=" " ind2=" " tag="042"><subfield code="a">msc</subfield></datafield><datafield ind1=" " ind2=" " tag="043"><subfield code="a">n-us-mo</subfield></datafield><datafield ind1="0" ind2=" " tag="130"><subfield code="a">Weekly courier-post (Hannibal, Mo.)</subfield></datafield><datafield ind1="1" ind2="4" tag="245"><subfield code="a">The weekly courier-post.</subfield></datafield><datafield ind1=" " ind2=" " tag="260"><subfield code="a">Hannibal, Mo. :</subfield><subfield code="b">W.A. Morris</subfield></datafield><datafield ind1=" " ind2=" " tag="300"><subfield code="a">v.</subfield></datafield><datafield ind1=" " ind2=" " tag="310"><subfield code="a">Weekly</subfield></datafield><datafield ind1="1" ind2=" " tag="362"><subfield code="a">Began in 1891? Ceased in 1910?</subfield></datafield><datafield ind1=" " ind2=" " tag="580"><subfield code="a">Daily eds.: Daily courier-post (Hannibal, Mo.), &lt;Nov. 11, 1893-Aug. 23, 1895&gt;; Hannibal courier-post (Hannibal, Mo. : 1897), &lt;Dec. 15, 1897&gt;-1910?</subfield></datafield><datafield ind1=" " ind2=" " tag="588"><subfield code="a">Description based on: Vol. 19, no. 50 (Dec. 20, 1895).</subfield></datafield><datafield ind1=" " ind2="0" tag="651"><subfield code="a">Hannibal (Mo.)</subfield><subfield code="v">Newspapers.</subfield></datafield><datafield ind1=" " ind2="7" tag="655"><subfield code="a">Newspapers.</subfield><subfield code="2">fast</subfield><subfield code="0">(OCoLC)fst01423814</subfield></datafield><datafield ind1=" " ind2="7" tag="651"><subfield code="a">Missouri</subfield><subfield code="z">Hannibal.</subfield><subfield code="2">fast</subfield><subfield code="0">(OCoLC)fst01223156</subfield></datafield><datafield ind1=" " ind2=" " tag="752"><subfield code="a">United States</subfield><subfield code="b">Missouri</subfield><subfield code="c">Marion</subfield><subfield code="d">Hannibal.</subfield></datafield><datafield ind1="1" ind2=" " tag="775"><subfield code="t">Daily courier-post (Hannibal, Mo.)</subfield><subfield code="w">(DLC)sn 89067513</subfield></datafield><datafield ind1="1" ind2=" " tag="775"><subfield code="t">Hannibal courier-post (Hannibal, Mo. : 1897)</subfield><subfield code="w">(DLC)sn 89067512</subfield></datafield><datafield ind1="0" ind2="4" tag="780"><subfield code="t">Weekly Hannibal courier</subfield><subfield code="w">(DLC)sn 85033921</subfield></datafield><datafield ind1="0" ind2="4" tag="780"><subfield code="t">Weekly post (Hannibal, Mo.)</subfield><subfield code="w">(DLC)sn 89067510</subfield></datafield></record>